%% This BibTeX bibliography file was created using BibDesk.
%% http://bibdesk.sourceforge.net/


%% Created for Tam Phuong Nguyen at 2014-12-16 17:04:56 -0500 


%% Saved with string encoding Unicode (UTF-8) 



@article{MMM-QM,
	Author = {V. Moncrief and A. Marini and R. Maitra},
	Journal = {J. Math. Phys.},
	Note = {arXiv:1201.5311 [math.ph]},
	Number = {10},
	Pages = {103516--103567},
	Title = {Modified Semi-Classical Methods for Nonlinear Quantum Oscillations Problems},
	Volume = {53},
	Year = 2012}

@unpublished{MMM-Phi,
	Author = {R. Maitra and A. Marini and V. Moncrief},
	Note = {In preparation (pre-print available).},
	Title = {Euclidean signature semi-classical methods for bosonic field theories: interacting scalar fields}}

@unpublished{MMM-YM,
	Author = {R. Maitra and A. Marini and V. Moncrief},
	Note = {(Title tentative). In preparation.},
	Title = {Euclidean-Signature Semi-Classical Methods for Bosonic Quantum Field Theories: {Yang-Mills} Fields}}

@unpublished{Bae,
	Author = {Bae, J.},
	Eprint = {gr-qc/arXiv:1406.0483v2},
	Note = {Submitted to Classical and Quantum Gravity.},
	Title = {Mixmaster Revisited: Modified Semi-classical Solutions to the {Bianchi} IX {Wheeler-DeWitt} equation}}

@article{Nakayama,
	Author = {Nakayama, R.},
	Journal = {Phys. Lett. B},
	Pages = {347--353},
	Title = {2D quantum gravity in the proper-time gauge},
	Volume = {325},
	Year = {1994}}

@article{KontoleonWiltshire,
	Author = {Kontoleon, N. and Wiltshire, D. L.},
	Eprint = {gr-qc/9807075},
	Issue = {6},
	Journal = {Phys. Rev. D},
	Month = {Feb},
	Numpages = {8},
	Pages = {063513},
	Publisher = {American Physical Society},
	Title = {Operator ordering and consistency of the wave function of the Universe},
	Volume = {59},
	Year = {1999}}

@unpublished{Creighton,
	Author = {Christopher Creighton},
	Note = {Albion College Honors Thesis},
	Title = {Comparison of quantization results from two-dimensional cosmologies quantized with different factor orderings},
	Year = 2011}

@proceedings{CanCDT,
	Author = {R.L. Maitra},
	Eprint = {gr-qc/arXiv:0910.2117},
	Organization = {The organization},
	Page = {563},
	Publisher = {Acta Phys. Polon. Supp.},
	Title = {Can causal dynamical triangulations probe factor-ordering issues?},
	Volume = {2},
	Year = {2009}}

@book{LebedevSilverman,
	Address = {Englewood Cliffs, N.J.},
	Author = {N.N. Lebedev and R.A. Silverman},
	Publisher = {Prentice-Hall},
	Title = {Special Functions and their Applications},
	Year = 1965}

@book{Polyanin,
	Title = {Handbook of Exact Solutions for Ordinary Differential Equations}}
